@ARTICLE{2017PhRvF...2h3501A,
   author = {{Anders}, E.~H. and {Brown}, B.~P.},
    title = "{Convective heat transport in stratified atmospheres at low and high Mach number}",
  journal = {Physical Review Fluids},
archivePrefix = "arXiv",
   eprint = {1611.06580},
 primaryClass = "physics.flu-dyn",
     year = 2017,
    month = aug,
   volume = 2,
   number = 8,
      eid = {083501},
    pages = {083501},
      doi = {10.1103/PhysRevFluids.2.083501},
   adsurl = {http://adsabs.harvard.edu/abs/2017PhRvF...2h3501A},
  adsnote = {Provided by the SAO/NASA Astrophysics Data System}
}

@article{PhysRevFluids.2.094804,
  title = {Dynamics of mixed convective\char21{}stably-stratified fluids},
  author = {Couston, L.-A. and Lecoanet, D. and Favier, B. and Le Bars, M.},
  journal = {Phys. Rev. Fluids},
  volume = {2},
  issue = {9},
  pages = {094804},
  numpages = {26},
  year = {2017},
  month = {Sep},
  publisher = {American Physical Society},
  doi = {10.1103/PhysRevFluids.2.094804},
  url = {https://link.aps.org/doi/10.1103/PhysRevFluids.2.094804}
}

@ARTICLE{2017ApJ...841....1C,
   author = {{Clark}, S.~E. and {Oishi}, J.~S.},
    title = "{The Weakly Nonlinear Magnetorotational Instability in a Local Geometry}",
  journal = {\apj},
archivePrefix = "arXiv",
   eprint = {1610.01616},
 primaryClass = "astro-ph.HE",
 keywords = {accretion, accretion disks, instabilities, magnetohydrodynamics: MHD, methods: analytical, plasmas},
     year = 2017,
    month = may,
   volume = 841,
      eid = {1},
    pages = {1},
      doi = {10.3847/1538-4357/aa6ff1},
   adsurl = {http://adsabs.harvard.edu/abs/2017ApJ...841....1C},
  adsnote = {Provided by the SAO/NASA Astrophysics Data System}
}

@ARTICLE{2017ApJ...841....2C,
   author = {{Clark}, S.~E. and {Oishi}, J.~S.},
    title = "{The Weakly Nonlinear Magnetorotational Instability in a Global, Cylindrical Taylor-Couette Flow}",
  journal = {\apj},
archivePrefix = "arXiv",
   eprint = {1610.01603},
 primaryClass = "astro-ph.HE",
 keywords = {accretion, accretion disks, instabilities, magnetic fields, magnetohydrodynamics: MHD, methods: analytical, plasmas},
     year = 2017,
    month = may,
   volume = 841,
      eid = {2},
    pages = {2},
      doi = {10.3847/1538-4357/aa6ff6},
   adsurl = {http://adsabs.harvard.edu/abs/2017ApJ...841....2C},
  adsnote = {Provided by the SAO/NASA Astrophysics Data System}
}

@ARTICLE{2017MNRAS.466.2181L,
   author = {{Lecoanet}, D. and {Vasil}, G.~M. and {Fuller}, J. and {Cantiello}, M. and 
	{Burns}, K.~J.},
    title = "{Conversion of internal gravity waves into magnetic waves}",
  journal = {\mnras},
archivePrefix = "arXiv",
   eprint = {1610.08506},
 primaryClass = "astro-ph.SR",
 keywords = {asteroseismology, scattering, waves, stars: magnetic field},
     year = 2017,
    month = apr,
   volume = 466,
    pages = {2181-2193},
      doi = {10.1093/mnras/stw3273},
   adsurl = {http://adsabs.harvard.edu/abs/2017MNRAS.466.2181L},
  adsnote = {Provided by the SAO/NASA Astrophysics Data System}
}

@ARTICLE{2016ApJ...832...71L,
   author = {{Lecoanet}, D. and {Schwab}, J. and {Quataert}, E. and {Bildsten}, L. and 
	{Timmes}, F.~X. and {Burns}, K.~J. and {Vasil}, G.~M. and {Oishi}, J.~S. and 
	{Brown}, B.~P.},
    title = "{Turbulent Chemical Diffusion in Convectively Bounded Carbon Flames}",
  journal = {\apj},
archivePrefix = "arXiv",
   eprint = {1603.08921},
 primaryClass = "astro-ph.SR",
 keywords = {convection, hydrodynamics, stars: interiors, turbulence},
     year = 2016,
    month = nov,
   volume = 832,
      eid = {71},
    pages = {71},
      doi = {10.3847/0004-637X/832/1/71},
   adsurl = {http://adsabs.harvard.edu/abs/2016ApJ...832...71L},
  adsnote = {Provided by the SAO/NASA Astrophysics Data System}
}

@ARTICLE{2016JCoPh.325...53V,
   author = {{Vasil}, G.~M. and {Burns}, K.~J. and {Lecoanet}, D. and {Olver}, S. and 
	{Brown}, B.~P. and {Oishi}, J.~S.},
    title = "{Tensor calculus in polar coordinates using Jacobi polynomials}",
  journal = {Journal of Computational Physics},
archivePrefix = "arXiv",
   eprint = {1509.07624},
 primaryClass = "math.NA",
 keywords = {Numerical analysis, Partial differential equations, Orthogonal polynomials, Jacobi polynomials, Fluid mechanics, Pipe flow},
     year = 2016,
    month = nov,
   volume = 325,
    pages = {53-73},
      doi = {10.1016/j.jcp.2016.08.013},
   adsurl = {http://adsabs.harvard.edu/abs/2016JCoPh.325...53V},
  adsnote = {Provided by the SAO/NASA Astrophysics Data System}
}

@ARTICLE{2016PhRvE..94e3206D,
   author = {{Davidovits}, S. and {Fisch}, N.~J.},
    title = "{Compressing turbulence and sudden viscous dissipation with compression-dependent ionization state}",
  journal = {\pre},
archivePrefix = "arXiv",
   eprint = {1605.03164},
 primaryClass = "physics.plasm-ph",
     year = 2016,
    month = nov,
   volume = 94,
   number = 5,
      eid = {053206},
    pages = {053206},
      doi = {10.1103/PhysRevE.94.053206},
   adsurl = {http://adsabs.harvard.edu/abs/2016PhRvE..94e3206D},
  adsnote = {Provided by the SAO/NASA Astrophysics Data System}
}

@ARTICLE{2016PhRvL.116j5004D,
   author = {{Davidovits}, S. and {Fisch}, N.~J.},
    title = "{Sudden Viscous Dissipation of Compressing Turbulence}",
  journal = {Physical Review Letters},
archivePrefix = "arXiv",
   eprint = {1510.08164},
 primaryClass = "physics.plasm-ph",
     year = 2016,
    month = mar,
   volume = 116,
   number = 10,
      eid = {105004},
    pages = {105004},
      doi = {10.1103/PhysRevLett.116.105004},
   adsurl = {http://adsabs.harvard.edu/abs/2016PhRvL.116j5004D},
  adsnote = {Provided by the SAO/NASA Astrophysics Data System}
}
@ARTICLE{2016MNRAS.455.4274L,
   author = {{Lecoanet}, D. and {McCourt}, M. and {Quataert}, E. and {Burns}, K.~J. and 
	{Vasil}, G.~M. and {Oishi}, J.~S. and {Brown}, B.~P. and {Stone}, J.~M. and 
	{O'Leary}, R.~M.},
    title = "{A validated non-linear Kelvin-Helmholtz benchmark for numerical hydrodynamics}",
  journal = {\mnras},
archivePrefix = "arXiv",
   eprint = {1509.03630},
 primaryClass = "astro-ph.IM",
 keywords = {hydrodynamics, instabilities, methods: numerical},
     year = 2016,
    month = feb,
   volume = 455,
    pages = {4274-4288},
      doi = {10.1093/mnras/stv2564},
   adsurl = {http://adsabs.harvard.edu/abs/2016MNRAS.455.4274L},
  adsnote = {Provided by the SAO/NASA Astrophysics Data System}
}

@ARTICLE{2015PhRvE..91f3016L,
   author = {{Lecoanet}, D. and {Le Bars}, M. and {Burns}, K.~J. and {Vasil}, G.~M. and 
	{Brown}, B.~P. and {Quataert}, E. and {Oishi}, J.~S.},
    title = "{Numerical simulations of internal wave generation by convection in water}",
  journal = {\pre},
archivePrefix = "arXiv",
   eprint = {1412.3109},
 primaryClass = "astro-ph.SR",
 keywords = {Buoyancy-driven instabilities, Stratified flows, Buoyancy-driven flows, convection},
     year = 2015,
    month = jun,
   volume = 91,
   number = 6,
      eid = {063016},
    pages = {063016},
      doi = {10.1103/PhysRevE.91.063016},
   adsurl = {http://adsabs.harvard.edu/abs/2015PhRvE..91f3016L},
  adsnote = {Provided by the SAO/NASA Astrophysics Data System}
}

@ARTICLE{2014ApJ...797...94L,
   author = {{Lecoanet}, D. and {Brown}, B.~P. and {Zweibel}, E.~G. and {Burns}, K.~J. and 
	{Oishi}, J.~S. and {Vasil}, G.~M.},
    title = "{Conduction in Low Mach Number Flows. I. Linear and Weakly Nonlinear Regimes}",
  journal = {\apj},
archivePrefix = "arXiv",
   eprint = {1410.5424},
 primaryClass = "astro-ph.SR",
 keywords = {conduction, convection, stars: interiors, waves},
     year = 2014,
    month = dec,
   volume = 797,
      eid = {94},
    pages = {94},
      doi = {10.1088/0004-637X/797/2/94},
   adsurl = {http://adsabs.harvard.edu/abs/2014ApJ...797...94L},
  adsnote = {Provided by the SAO/NASA Astrophysics Data System}
}

